<record><leader>00000cas a22000007a 4500</leader><controlfield tag="001">20939067</controlfield><controlfield tag="008">900122d19531968mnuwr ne      0    0eng d</controlfield><datafield ind1=" " ind2=" " tag="010"><subfield code="a">sn 89064782 </subfield></datafield><datafield ind1=" " ind2=" " tag="040"><subfield code="a">MN#</subfield><subfield code="b">eng</subfield><subfield code="c">MN#</subfield><subfield code="d">OCLCQ</subfield></datafield><datafield ind1=" " ind2=" " tag="042"><subfield code="a">msc</subfield></datafield><datafield ind1=" " ind2=" " tag="043"><subfield code="a">n-us-mn</subfield></datafield><datafield ind1=" " ind2=" " tag="052"><subfield code="a">4144</subfield><subfield code="b">M315</subfield></datafield><datafield ind1=" " ind2=" " tag="052"><subfield code="a">4143</subfield><subfield code="b">D5</subfield></datafield><datafield ind1="0" ind2=" " tag="130"><subfield code="a">Mantorville express (Mantorville, Minn. : 1953)</subfield></datafield><datafield ind1="1" ind2="4" tag="245"><subfield code="a">The Mantorville express.</subfield></datafield><datafield ind1=" " ind2=" " tag="260"><subfield code="a">[Mantorville, Minn. :</subfield><subfield code="b">H.L. Smith],</subfield><subfield code="c">1953-1968.</subfield></datafield><datafield ind1=" " ind2=" " tag="300"><subfield code="a">16 v.</subfield></datafield><datafield ind1=" " ind2=" " tag="310"><subfield code="a">Weekly</subfield></datafield><datafield ind1="0" ind2=" " tag="362"><subfield code="a">96th year, new ser., vol. 1, no. 1 (Jan. 15, 1953)-99th year, new ser., v. 4, no. 52 (Feb. 28, 1957); v. 100, no. 1 (Mar. 7, 1957)-v. 111, no. 46 (Jan. 4, 1968).</subfield></datafield><datafield ind1=" " ind2=" " tag="530"><subfield code="a">Available on microfilm from the Minnesota Historical Society.</subfield></datafield><datafield ind1=" " ind2=" " tag="752"><subfield code="a">United States</subfield><subfield code="b">Minnesota</subfield><subfield code="c">Dodge</subfield><subfield code="d">Mantorville.</subfield></datafield><datafield ind1="0" ind2="0" tag="780"><subfield code="t">Mantorville co-op express</subfield><subfield code="w">(DLC)sn 89064772</subfield></datafield><datafield ind1="0" ind2="4" tag="785"><subfield code="t">Dodge County independent</subfield><subfield code="w">(DLC)sn 89064656</subfield></datafield><datafield ind1="1" ind2=" " tag="029"><subfield code="a">AU@</subfield><subfield code="b">000025861789</subfield></datafield></record>